@misc{www:diagral,
	author={Diagral},
    year={2015},
    title = {Diagral logo},
    note = {\url{http://www.diagral.fr}}
}

@misc{www:deltadore,
	author={Deltadore},
    year={2015},
    title = {Deltadore logo},
    note = {\url{http://www.deltadore.fr}}
}

@misc{www:Tag,
	author={Tag},
    year={2015},
    title = {Tag logo},
    note = {\url{http://www.tag.fr}}
}

@misc{www:mhouse,
	author={mhouse},
    year={2015},
    title = {mhouse logo},
    note = {\url{http://www.mhouse.fr}}
}

@misc{www:daitem,
	author={Daitem},
    year={2015},
    title = {Daitem logo},
    note = {\url{http://www.daitem.fr}}
}

@misc{www:somfy,
	author={Somfy},
    year={2015},
    title = {Somfy logo},
    note = {\url{http://www.somfy.fr}}
}

@misc{www:visionic,
	author={Visionic},
    year={2015},
    title = {Visionic logo},
    note = {\url{http://www.visionic.com}}
}

@misc{www:jablotron,
	author={Jablotron},
    year={2015},
    title = {Jablotron logo},
    note = {\url{http://www.jablotron.com}}
}

@misc{www:honeywell,
	author={Honeywell},
    year={2015},
    title = {Honeywell logo},
    note = {\url{http://www.honeywell.com}}
}

@misc{www:chuango,
	author={Chuango},
    year={2015},
    title = {Chuango},
    note = {\url{http://www.chuango.com}}
}

@misc{www:hager,
	author={Hager},
    year={2015},
    title = {Hager logo},
    note = {\url{http://www.hager logo}}
}

@misc{www:alarme_paradoxe,
	author={Alarme Paradoxe},
    year={2015},
    title = {Alarme Paradoxe logo},
    note = {\url{http://www.alarmeparadoxe.com}}
}

@misc{www:ondrp,
	author={ONDRP},
    year={2014},
    title = {Observatoire national de la délinquance et de la réponse pénale},
    note = {\url{http://www.ondrp.fr}}
}

@misc{www:6LoWPan,
	author={Contiki},
    year={2015},
    title = {Contiki},
    note = {\url{http://www.contiki-os.org}}
}

@misc{www:Sigfox,
	author={A propos de Sigfox},
    year={2015},
    title = {Sigfox},
    note = {\url{http://www.sigfox.com/fr}}
}

@misc{www:Witricity,
	author={Site officiel de Witricity},
    year={2015},
    title = {Witricity},
    note = {\url{http://www.witricity.com}}
}

