@misc{www:DCpj,
	author={DCpj},
    year={2012},
    title = {Traitement ONDRP},
    note = {\url{http://www.dcpj.fr}}
}

@misc{www:contiki,
	author={contiki},
    year={2015},
    title = {Contiki},
    note = {\url{http://www.contiki-os.org}}
}

@misc{www:Sigfox,
	author={A propos de Sigfox},
    year={2015},
    title = {Sigfox},
    note = {\url{http://www.sigfox.com/fr}}
}

@misc{www:Witricity,
	author={Witricity},
    year={2015},
    title = {site officiel de Witricity},
    note = {\url{http://www.witricity.com}}
}

@misc{www:ONDRP,
	author={ONDRP},
    year={2014},
    title = {Observatoire national de la délinquance et de la réponse pénale},
    note = {\url{http://www.ondrp.fr}}
}